@InCollection{humpola+etal:siam:sminlp,
  author     = {Jesco Humpola and Armin F\"ugenschuh and Benjamin Hiller
                and Thorsten Koch and Thomas Lehmann and Ralf Lenz and
                Robert Schwarz and Jonas Schweiger},
  title      = {The specialized {MINLP} approach},
  booktitle  = {Evaluating Gas Network Capacities},
  crossref   = {ForNe_SIAM_MOS:2015},
  optchapter = {6},
}

@Book{ForNe_SIAM_MOS:2015,
  editor    = {Thorsten Koch and Benjamin Hiller and Marc Pfetsch and Lars Schewe},
  title     = {Evaluating Gas Network Capacities},
  publisher = {SIAM},
  year      = {2015},
  series    = {MOS-SIAM Series on Optimization},
  isbn      = {978-1-611973-68-6}
}